<record><leader>00000cas a2200000 a 4500</leader><controlfield tag="001">12893781</controlfield><controlfield tag="008">851211d19231940sdudn ne      0    0eng  </controlfield><datafield ind1=" " ind2=" " tag="010"><subfield code="a">sn 85042841 </subfield></datafield><datafield ind1=" " ind2=" " tag="040"><subfield code="a">DLC</subfield><subfield code="b">eng</subfield><subfield code="c">DLC</subfield><subfield code="d">SXN</subfield><subfield code="d">OCLCQ</subfield><subfield code="d">DLC</subfield><subfield code="d">OCLCO</subfield><subfield code="d">OCLCQ</subfield><subfield code="d">OCLCF</subfield></datafield><datafield ind1="1" ind2=" " tag="029"><subfield code="a">AU@</subfield><subfield code="b">000022912918</subfield></datafield><datafield ind1=" " ind2=" " tag="042"><subfield code="a">pcc</subfield></datafield><datafield ind1=" " ind2=" " tag="043"><subfield code="a">n-us-sd</subfield></datafield><datafield ind1="0" ind2="0" tag="050"><subfield code="a">Newspaper</subfield></datafield><datafield ind1="0" ind2="4" tag="245"><subfield code="a">The Aberdeen morning American.</subfield></datafield><datafield ind1="3" ind2="0" tag="246"><subfield code="a">Aberdeen American news</subfield></datafield><datafield ind1=" " ind2=" " tag="260"><subfield code="a">Aberdeen, S.D. :</subfield><subfield code="b">American-News Co.,</subfield><subfield code="c">-1940.</subfield></datafield><datafield ind1=" " ind2=" " tag="300"><subfield code="a">v.</subfield></datafield><datafield ind1=" " ind2=" " tag="310"><subfield code="a">Daily (except Sunday)</subfield></datafield><datafield ind1="0" ind2=" " tag="362"><subfield code="a">Vol. 19, no. 283 (Dec. 5, 1923)-v. 36, no. 172 (June 18, 1940).</subfield></datafield><datafield ind1=" " ind2=" " tag="515"><subfield code="a">Numbering suspended Dec. 22,1923; reappears as Vol. 20, no. 94 (May 23, 1924).</subfield></datafield><datafield ind1=" " ind2=" " tag="515"><subfield code="a">Sunday issues for &lt;Nov. 20, 1927&gt;-Aug. 5, 1928 lack vol. numbering; beginning with Aug. 11, 1928 issue, numbered in conjunction with the Aberdeen morning American.</subfield></datafield><datafield ind1=" " ind2=" " tag="530"><subfield code="a">Available on microfilm from: State Archives, South Dakota State Historical Society, and; the Library of Congress Photoduplication Service.</subfield></datafield><datafield ind1=" " ind2=" " tag="580"><subfield code="a">Merger of: Aberdeen daily news, and; Aberdeen daily American.</subfield></datafield><datafield ind1=" " ind2=" " tag="580"><subfield code="a">Merged with: Aberdeen evening news, to form; Aberdeen American-news.</subfield></datafield><datafield ind1=" " ind2="0" tag="651"><subfield code="a">Aberdeen (S.D.)</subfield><subfield code="v">Newspapers.</subfield></datafield><datafield ind1=" " ind2="0" tag="651"><subfield code="a">Brown County (S.D.)</subfield><subfield code="v">Newspapers.</subfield></datafield><datafield ind1=" " ind2="7" tag="655"><subfield code="a">Newspapers.</subfield><subfield code="2">fast</subfield><subfield code="0">(OCoLC)fst01423814</subfield></datafield><datafield ind1=" " ind2="7" tag="651"><subfield code="a">South Dakota</subfield><subfield code="z">Aberdeen.</subfield><subfield code="2">fast</subfield><subfield code="0">(OCoLC)fst01217118</subfield></datafield><datafield ind1=" " ind2="7" tag="651"><subfield code="a">South Dakota</subfield><subfield code="z">Brown County.</subfield><subfield code="2">fast</subfield><subfield code="0">(OCoLC)fst01212831</subfield></datafield><datafield ind1=" " ind2=" " tag="752"><subfield code="a">United States</subfield><subfield code="b">South Dakota</subfield><subfield code="c">Brown</subfield><subfield code="d">Aberdeen.</subfield></datafield><datafield ind1="0" ind2=" " tag="775"><subfield code="t">Aberdeen evening news</subfield><subfield code="w">(DLC)sn2001063598</subfield></datafield><datafield ind1="1" ind2="4" tag="780"><subfield code="t">Aberdeen daily news</subfield><subfield code="w">(DLC)sn 85038611</subfield></datafield><datafield ind1="1" ind2="4" tag="780"><subfield code="t">Aberdeen daily American</subfield><subfield code="w">(DLC)sn2001063606</subfield></datafield><datafield ind1="1" ind2="7" tag="785"><subfield code="t">Aberdeen evening news</subfield><subfield code="w">(DLC)sn2001063598</subfield></datafield><datafield ind1="1" ind2="7" tag="785"><subfield code="t">Aberdeen American-news</subfield><subfield code="w">(DLC)sn 85042842</subfield></datafield></record>